<?xml version="1.0" encoding="UTF-8"?><collection><record><leader>07340ntm a2200553 a 4500</leader><controlfield tag="001">006818785</controlfield><controlfield tag="003">MiAaHDL</controlfield><controlfield tag="005">20190719000000.0</controlfield><controlfield tag="006">m        d        </controlfield><controlfield tag="007">cr bn ---auaua</controlfield><controlfield tag="008">090615q15801599xx            00| ||ota d</controlfield><datafield tag="035" ind1=" " ind2=" "><subfield code="a">(MiU)006818785</subfield></datafield><datafield tag="035" ind1=" " ind2=" "><subfield code="a">sdr-miu006818785</subfield></datafield><datafield tag="040" ind1=" " ind2=" "><subfield code="a">MiU</subfield><subfield code="c">MiU</subfield><subfield code="e">amremm</subfield></datafield><datafield tag="041" ind1="0" ind2=" "><subfield code="a">ota</subfield><subfield code="a">per</subfield></datafield><datafield tag="043" ind1=" " ind2=" "><subfield code="a">n-us-mi</subfield></datafield><datafield tag="100" ind1="0" ind2=" "><subfield code="6">880-01</subfield><subfield code="a">Baki,</subfield><subfield code="d">1526-1600.</subfield></datafield><datafield tag="245" ind1="1" ind2="0"><subfield code="6">880-03</subfield><subfield code="a">[Divân-ı Baki Efendi,</subfield><subfield code="f">late 16th century?].</subfield></datafield><datafield tag="260" ind1=" " ind2=" "><subfield code="c">[1580-1599?].</subfield></datafield><datafield tag="300" ind1=" " ind2=" "><subfield code="a">139 leaves :</subfield><subfield code="b">paper ;</subfield><subfield code="c">198 x 120 (134 x 64) mm.</subfield></datafield><datafield tag="500" ind1=" " ind2=" "><subfield code="a">Shelfmark: Ann Arbor, University of Michigan, Special Collections Library, Isl. Ms. 363</subfield></datafield><datafield tag="500" ind1=" " ind2=" "><subfield code="a">Origin: Lacks dated colophon ; decoration, hand, etc. suggest 16th century.</subfield></datafield><datafield tag="500" ind1=" " ind2=" "><subfield code="a">Accompanying materials: Slip of wove paper with note in hand of G. Meredith-Owens "363 | Dīvān of Bāḳī | undated, probably 16th cent. | contemporary binding."</subfield></datafield><datafield tag="500" ind1=" " ind2=" "><subfield code="a">Former shelfmark: "93 T. De M. [i.e. Tammaro De Marinis]" in pencil on verso of front flyleaf.</subfield></datafield><datafield tag="500" ind1=" " ind2=" "><subfield code="a">Binding: Pasteboards covered in dark red-brown leather ; Type II binding (with flap) ; two-piece binding (seam of overlapping flanges visible at spine) ; doublures in dark red-brown leather with large mandorla, pendants and cornerpieces in gold and black painted leather filigree appliqué over blue paper (design continues on interior of envelope flap) ; flyleaves (made endpapers) in slate blue paper, gold-flecked ; upper and lower covers block-stamped, black- and and gold-painted (large panel stamp repeated twice with central seam visible) with design of mandorla, pendants, cornerpieces, upper and lower rectangular piece and wide border overlaid with vegetal composition filling panel ; design continues on envelope flap ; sewn in light blue (approaching silver) thread, two stations ; worked chevron endbands in pink and yellow, fairly good condition ; overall in good condition with some abrasion, etc. ; likely repairs (edging, fore edge flap, etc.) in dark red / maroon leather.</subfield></datafield><datafield tag="500" ind1=" " ind2=" "><subfield code="a">Support: non-European (likely Persian) laid paper with roughly 9 laid lines per cm. (vertical, indistinct) and no chain lines plainly visible, cloudy formation, some bits of fibre and inclusions visible, thin and crisp though sturdy, well-burnished, dark cream to beige in color ; opening section heavily moisture damaged with stains, traces of mold, etc. ; elsewhere breakthrough at frames.</subfield></datafield><datafield tag="500" ind1=" " ind2=" "><subfield code="a">Decoration: Splendid illuminated headpiece (ʻunwān / sarlawḥ) at opening on p.2 consisting of rectangular piece (bordered in bands of gold flanking orange-red band with black crosses) with empty gold cartouche surrounded by swirling vegetal decoration in gold with floral accents in red, yellow, green, light blue, and white on grounds of dark blue (approaching lapis) and gold, surmounted by band of gold with floral motifs (flanked by narrow bands of turquoise and gold) and scalloped dome with similar swirling vegetal motifs with floral accents (in light blue, red, white, orange, green, lavender, etc.) on grounds of gold and dark blue, itself surmounted by vertical stalks (tīgh) and delicate floral vegetal decoration ; similar elegant headpiece at opening of ghazals on p.62 (rectangular piece with empty cartouche srmounted by wide scalloped dome almost filling the well, chiefly in gold and dark blue approaching lapis with swirling floral vegetal decoration in gold, white, red, lavender, light blue, green, etc.) ; written area throughout surrounded by frame consisting of gold band outlined in black with inner orange fillet and outer blue fillet, divisions within defined by narrow gold bands outlined in black ; from p.257, rubricated section headings provided.</subfield></datafield><datafield tag="500" ind1=" " ind2=" "><subfield code="a">Script: Nastaʻlīq (talik) ; elegant Ottoman hand in a medium line ; characteristically serifless with gentle effect of words descending to baseline, elongation of horizontal strokes, pointing in distinct dots, point of final nūn set at mouth (occasionally just above) wide, deep bowl ; text from p.257 to close possibly in a different hand.</subfield></datafield><datafield tag="500" ind1=" " ind2=" "><subfield code="a">Layout: Written in 12 lines per page with written area divided to two columns ; frame-ruled (impression of ruling board visible).</subfield></datafield><datafield tag="500" ind1=" " ind2=" "><subfield code="a">Collation: i, IV+1 (9), III+1 (16), 15 IV(136), II-1 (139), i ; almost exclusively quaternions ; catchwords present ; pagination in pencil, Western numerals, supplied during cataloguing.</subfield></datafield><datafield tag="500" ind1=" " ind2=" "><subfield code="a">Explicit: "صی دآن شاهد مطبوع شمایل باشی تمت م م م"</subfield></datafield><datafield tag="500" ind1=" " ind2=" "><subfield code="a">Incipit: "خط مشك فامكله اى غنچه تر شكر در اولبلر ممسك مكرر ..." ; [ghazals] "ازلدن شاه عشقك بنده فرمانيوز جانا محبت ملكنك سلطان عاليشانيوز جانا ..."</subfield></datafield><datafield tag="500" ind1=" " ind2=" "><subfield code="a">Title supplied by cataloguer.</subfield></datafield><datafield tag="500" ind1=" " ind2=" "><subfield code="a">Ms. codex.</subfield></datafield><datafield tag="510" ind1="4" ind2=" "><subfield code="a">Baki Efendi. Bâḳî dîvânı : tenkitli basım. Sabahattin Küçük, ed. Ankara: Türk Dil Kurumu, 1994.</subfield></datafield><datafield tag="510" ind1="4" ind2=" "><subfield code="a">İz, Fahīr. " Bāḳī." EI2.</subfield></datafield><datafield tag="510" ind1="4" ind2=" "><subfield code="a">Brit. Mus. Cat. Turkish MSS.,</subfield><subfield code="c">p.187-9</subfield></datafield><datafield tag="520" ind1="8" ind2=" "><subfield code="a">Elegant copy of the collected poems of the celebrated Turkish poet, Baki Efendi (d.1600), opening with kaside in praise of Sultan Süleyman (opening on p.12 in Bâḳî dîvânı : tenkitli basım, Sabahattin Küçük, ed. Ankara: Türk Dil Kurumu, 1994) and closing with Persian verses (compare p.462 in Küçük edition). Contributions to the cataloguing from Elizabeth Kunze.</subfield></datafield><datafield tag="538" ind1=" " ind2=" "><subfield code="a">Mode of access: Internet.</subfield></datafield><datafield tag="541" ind1=" " ind2=" "><subfield code="c">Purchase ;</subfield><subfield code="a">Acquired by purchase (funds donated by Horace Rackham).</subfield><subfield code="d">1924.</subfield></datafield><datafield tag="546" ind1=" " ind2=" "><subfield code="a">Ottoman Turkish and Persian.</subfield></datafield><datafield tag="561" ind1=" " ind2=" "><subfield code="a">At least four ownership statements on 'title page' (now obscured by leaf which has been pasted over but partially visible with transmitted light), two accompanied by oval seal impressions (one of these in name of Ahmet b. Hüseyin / احمد بن حسين), another in name of Ahmet b. Osman (احمد بن عثمان / Aḥmad ibn ʻUthmān), still another dated 1250 [1834 or 5] in name of Mustafa Nuri Divan Efendi ibn Efendizade (مصطفى نورى ديوان افندى ابن افندى زاده) reads "استصحبه الفقير السيد مصطفى نورى ديوان افندى ابن افندى زاده القاضى بحلب الشهبا ... غفر لهما ١٢٥٠" ; effaced statement and circular seal impression at close on p.277 ; excerpts on verso of final leaf now obscured by leaf which has been pasted over though possible to view in transmitted light ; some marginal glosses (preserved via folding before volume was trimmed).</subfield></datafield><datafield tag="650" ind1=" " ind2="0"><subfield code="a">Manuscripts, Persian</subfield><subfield code="z">Michigan</subfield><subfield code="z">Ann Arbor.</subfield></datafield><datafield tag="650" ind1=" " ind2="0"><subfield code="a">Manuscripts, Turkish</subfield><subfield code="z">Michigan</subfield><subfield code="z">Ann Arbor.</subfield></datafield><datafield tag="650" ind1=" " ind2="0"><subfield code="a">Turkish poetry</subfield><subfield code="v">Early works to 1800.</subfield></datafield><datafield tag="655" ind1=" " ind2="7"><subfield code="a">Headpieces (layout features)</subfield><subfield code="y">16th century.</subfield><subfield code="2">aat</subfield></datafield><datafield tag="700" ind1="0" ind2=" "><subfield code="a">Abdülhamid</subfield><subfield code="b">II,</subfield><subfield code="c">Sultan of the Turks,</subfield><subfield code="d">1842-1918,</subfield><subfield code="e">former owner.</subfield></datafield><datafield tag="700" ind1="0" ind2=" "><subfield code="6">880-07</subfield><subfield code="a">Mustafa Nuri Divan Efendi ibn Efendizade</subfield><subfield code="d">fl. 1834,</subfield><subfield code="e">former owner.</subfield></datafield><datafield tag="773" ind1="0" ind2=" "><subfield code="a">Abdul Hamid Collection.</subfield></datafield><datafield tag="880" ind1="0" ind2=" "><subfield code="6">700-07/</subfield><subfield code="a">مصطفى نورى ديوان افندى ابن افندى زاده،</subfield><subfield code="e">مالك سابق.</subfield></datafield><datafield tag="880" ind1="1" ind2="0"><subfield code="6">245-03/</subfield><subfield code="a">[ديوان باقى افندى،</subfield><subfield code="f">اواخر القرن 16م؟].</subfield></datafield><datafield tag="880" ind1="0" ind2=" "><subfield code="6">100-01/</subfield><subfield code="a">باقى.</subfield></datafield><datafield tag="CID" ind1=" " ind2=" "><subfield code="a">006818785</subfield></datafield><datafield tag="DAT" ind1="0" ind2=" "><subfield code="a">20190719102639.0</subfield><subfield code="b">20190719000000.0</subfield></datafield><datafield tag="DAT" ind1="1" ind2=" "><subfield code="a">20190719090653.0</subfield><subfield code="b">2019-07-19T16:10:57Z</subfield></datafield><datafield tag="DAT" ind1="2" ind2=" "><subfield code="a">2019-02-26T19:00:03Z</subfield></datafield><datafield tag="CAT" ind1=" " ind2=" "><subfield code="a">SDR-MIU</subfield><subfield code="d">EX LIBRIS - ALEPH</subfield><subfield code="l">prepare.pl-004-008</subfield></datafield><datafield tag="FMT" ind1=" " ind2=" "><subfield code="a">BK</subfield></datafield><datafield tag="HOL" ind1=" " ind2=" "><subfield code="0">sdr-miu006818785</subfield><subfield code="a">MiU</subfield><subfield code="b">SDR</subfield><subfield code="c">MIU</subfield><subfield code="p">mdp.39015088429314</subfield><subfield code="s">MIU</subfield><subfield code="1">006818785</subfield></datafield><datafield tag="974" ind1=" " ind2=" "><subfield code="b">MIU</subfield><subfield code="c">MIU</subfield><subfield code="d">20190719</subfield><subfield code="s">lit-dlps-dc</subfield><subfield code="u">mdp.39015088429314</subfield><subfield code="y">1599</subfield><subfield code="r">pd</subfield><subfield code="q">bib</subfield><subfield code="t">non-US bib date2 &lt; 1879</subfield></datafield></record></collection>